% try to add references in reverse chronological order


@article{mclaughlin2021,
	Author = {McLaughlin, Patrick A. and Sherouse, Oliver and Febrizio, Mark and King, M. Scott},
	Journal = {Journal of Financial Regulation},
	Pages = {to appear},
	Title = {Is {Dodd-Frank} the Biggest Law Ever?},
	Year = {2021},
}

@article{katz2020,
	Author = {Katz, Daniel Martin and Coupette, Corinna and Beckedorf, Janis and Hartung, Dirk},
	Doi = {10.1038/s41598-020-73623-x},
	Journal = {Scientific Reports},
	Number = {1},
	Pages = {18737:1--18737:14},
	Title = {Complex societies and the growth of the law},
	Url = {https://doi.org/10.1038/s41598-020-73623-x},
	Volume = {10},
	Year = {2020},
}

@incollection{olsen2020,
	title={Needles in a haystack: using network analysis to identify cases that are cited for general principles of law by the {European Court of Human Rights}},
	author={Olsen, Henrik Palmer and Esmark, Magnus},
	editor ={Whalen, Ryan},
	booktitle={Computational Legal Studies},
	year={2020},
	publisher={Edward Elgar Publishing},
	address={Cheltenham},
	pages={293-311},
}

@incollection{boulet2019,
	author       = {Romain Boulet and Ana Fl\´avia Barros-Platiau and Pierre Mazzega}, 
	title        = {Environmental and Trade Regimes: Comparison of Hypergraphs Modeling
	the Ratifications of UN Multilateral Treaties},
	editor       = {Romain Boulet and Claire Lajaunie and Pierre Mazzega},
	booktitle    = {Law, Public Policies and Complex Systems: Networks in Action},
	publisher    = {Springer},
	address      = {Cham},
	year         = 2019,
	pages        = {221-242},
}

@book{coupette2019,
  title={Juristische Netzwerkforschung: Modellierung, Quantifizierung und Visualisierung relationaler Daten im Recht [Legal Network Science: Modeling, Measuring, and Mapping Relational Data in Law]},
  author={Coupette, Corinna},
  year={2019},
  publisher={Mohr Siebeck},
  address={T\"ubingen},
  pagetotal={XVIII + 376},
}
@incollection{coupette2019a,
	title = {{Das Wertpapierhandelsgesetz (1994\textendash2019) \textendash\ Eine quantitative juristische Studie [The Securities Tradining Act (1994\textendash2019) \textendash\ A Quantitative Legal Study]}},
	author = {Coupette, Corinna and Fleckner, Andreas M.},
	publisher = {De Gruyter},
	address = {Berlin},
	year = {2019},
	booktitle = {{Festschrift 25 Jahre WpHG}},
	pages = {53--85},
}

@article{fjelstul2019,
	doi = {10.1177/1465116519842947},
	url = {https://doi.org/10.1177/1465116519842947},
	year = {2019},
	month = {5},
	publisher = {{SAGE} Publications},
	volume = {20},
	number = {4},
	pages = {670--691},
	author = {Joshua C Fjelstul},
	title = {The evolution of European Union law: A new data set on the Acquis Communautaire},
	journal = {European Union Politics},
}

@article{lee2019,
	author    = {Lee, Bokwon and Lee, Kyu-Min and Yang, Jae-Suk},
	journal   = {PLOS ONE},
	publisher = {Public Library of Science},
	title     = {Network structure reveals patterns of legal complexity in human society: The case of the Constitutional legal network},
	year      = {2019},
	month     = {01},
	volume    = {14},
	url       = {https://doi.org/10.1371/journal.pone.0209844},
	pages     = {e0209844:1--e0209844:15},
	number    = {1},
	doi       = {10.1371/journal.pone.0209844},
}

@incollection{winkels2019,
	title={Exploiting the Web of Law},
	author={Winkels, Radboud},
	booktitle={Law, Public Policies and Complex Systems: Networks in Action},
	editors={Romain Boulet and Claire Lajaunie and Pierre Mazzega},
	pages={205--219},
	year=2019,
	publisher={Springer}
}

@article{ahlstrom2018,
	title={Governance, polycentricity and the global nitrogen and phosphorus cycles},
	author={Ahlstr{\"o}m, Hanna and Cornell, Sarah E},
	journal={Environmental Science \& Policy},
	volume={79},
	pages={54--65},
	year={2018},
	publisher={Elsevier}
}

@article{alschner2018,
	title={The growing complexity of the {International Court of Justice’s} self-citation network},
	author={Alschner, Wolfgang and Charlotin, Damien},
	journal={European Journal of International Law},
	volume={29},
	number={1},
	pages={83--112},
	year={2018},
	publisher={Oxford University Press},
	address={Oxford},
}

@article{boulet2018,
	title={Network approach to the {French} system of legal codes part {II}: the role of the weights in a network},
	author={Boulet, Romain and Mazzega, Pierre and Bourcier, Dani{\`e}le},
	journal={Artificial Intelligence and Law},
	volume={26},
	number={1},
	pages={23--47},
	year={2018},
	publisher={Springer}
}

@article{kinne2018,
	title={Defense cooperation agreements and the emergence of a global security network},
	author={Kinne, Brandon J},
	journal={International Organization},
	volume={72},
	number={4},
	pages={799--837},
	year={2018},
	publisher={Cambridge University Press},
	address={Cambridge}
}
@book{murray2018,
  title={Complexity Theory and Law: Mapping an Emergent Jurisprudence},
  author={Murray, Jamie and Webb, Thomas and Wheatley, Steven},
  year={2018},
  publisher={Routledge},
  address={Oxfordshire}
}

@article{koniaris2018,
	title={Network Analysis in the Legal Domain: A complex model for European Union legal sources},
	author={Koniaris, Marios and Anagnostopoulos, Ioannis and Vassiliou, Yannis},
	journal={Journal of Complex Networks},
	volume={6},
	number={2},
	pages={243--268},
	year={2018},
	publisher={Oxford University Press},
	address={Oxford}
}

@inproceedings{moodley2018,
	title={Similarity and Relevance of Court Decisions: A Computational Study on CJEU Cases},
	author={Kody Moodley and Pedro V. Hernandez Serrano and Gijs van Dijck and Michel Dumontier},
	booktitle = {Legal Knowledge and Information Systems: JURIX 2019: The Thirty-second Annual Conference},
	year = 2017,
	publisher={IOS Press},
	editor={Araszkiewicz, Micha{\l} and Rodr{\'\i}guez-Doncel, V{\'\i}ctor},
	pages = {63-72},
}

@book{newman2018,
  title={Networks},
  author={Newman, Mark},
  year={2018},
  publisher={Oxford University Press},
  address={Oxford}
}

@article{rutherford2018,
	author  = {Rutherford, Alex and Lupu, Yonatan and Cebrian, Manuel and Rahwan, Iyad and LeVeck, Brad L. and Garcia-Herranz, Manuel},
	title   = {Inferring mechanisms for global constitutional progress},
	journal = {Nature Human Behaviour},
	pages   = {592-599},
	year    = {2018},
	volume = {2},
	doi     = {10.1038/s41562-018-0382-8},
	url     = {https://doi.org/10.1038/s41562-018-0382-8},
}

@article{bommarito2017,
	title={Measuring and modeling the {US} Regulatory Ecosystem},
	author={Bommarito, Michael J and Katz, Daniel Martin},
	journal={Journal of Statistical Physics},
	volume={168},
	number={5},
	pages={1125--1135},
	year={2017},
	publisher={Springer},
}

@article{charlotin2017,
	title={The Place of Investment Awards and {WTO} Decisions in International Law: A Citation Analysis},
	author={Charlotin, Damien},
	journal={Journal of International Economic Law},
	volume={20},
	number={2},
	pages={279--299},
	year={2017},
	publisher={Oxford University Press},
	address={Oxford}
}

@article{derlen2017,
	author  = {Mattias Derl\'en and Johan Lindholm},
	title   = {Peek-A-Boo, It's a Case Law System! Comparing the European Court of Justice and the United States Supreme Court from a Network Perspective},
	journal = {German Law Journal},
	pages   = {647-686},
	year    = {2017},
	volume  = {18},
	number  = {3},
}

@article{derlen2017a,
	title={Is it good law? network analysis and the cjeu’s internal market jurisprudence},
	author={Derl{\'e}n, Mattias and Lindholm, Johan},
	journal={Journal of International Economic Law},
	volume={20},
	number={2},
	pages={257--277},
	year={2017},
	publisher={Oxford University Press},
	address={Oxford}
}

@incollection{derlen2017b,
	title={Serving two masters: Cjeu case law in swedish first instance courts and national courts of precedence as gatekeepers},
	author={Derl{\'e}n, Mattias and Lindholm, Johan},
	editor       = {Derl{\'e}n, Mattias and Lindholm, Johan},
	booktitle    = {The Court of Justice of the European Union: multidisciplinary perspectives},
	publisher    = {Hart Publishing},
	address      = {Oxford},
	year         = 2017,
	pages        = {79-99},
}

@article{langford2017,
	title={The revolving door in international investment arbitration},
	author={Langford, Malcolm and Behn, Daniel and Lie, Runar Hilleren},
	journal={Journal of International Economic Law},
	volume={20},
	number={2},
	pages={301--332},
	year={2017},
	publisher={Oxford University Press},
	address={Oxford}
}

@article{larsson2017,
	title={Speaking law to power: the strategic use of precedent of the {Court of Justice of the European Union}},
	author={Larsson, Olof and Naurin, Daniel and Derl{\'e}n, Mattias and Lindholm, Johan},
	journal={Comparative Political Studies},
	volume={50},
	number={7},
	pages={879--907},
	year={2017},
	publisher={SAGE Publications}
}

@article{nash2017,
	title={The Production Function of the Regulatory State: How Much Do Agency Budgets Matter},
	author={Nash, Jonathan Remy and Ruhl, JB and Salzman, James},
	journal={Minn. L. Rev.},
	volume={102},
	pages={695},
	year={2017},
	publisher={University of Minnesota Law School}
}

@article{olsen2017,
	author  = {Henrik Palmer Olsen and Aysel K\"{u}\c{c}\"{u}ksu},
	title   = {Finding Hidden Patterns in ECtHR's Case Law: On How Citation Network Analysis Can Improve Our Knowledge of ECtHR's Article 14 Practice},
	journal = {International Journal of Discrimination and the Law},
	pages   = {4-22},
	year    = {2017},
	volume  = {17},
	number  = {1},
}

@inproceedings{panagis2017,
	title={Giving every case its (legal) due the contribution of citation networks and text similarity techniques to legal studies of european union law},
	author={Panagis, Yannis and Sadl, Urska and Tarissan, Fabien},
	booktitle = {Legal Knowledge and Information Systems: Jurix 2017: the Thirtieth Annual Conference},
	year = 2017,
	publisher={IOS Press},
	editor={Wyner, Adam and Casini, Giovanni},
	pages = {59-68},
}

@article{rockmore2017,
	author = {Rockmore, Daniel and Fang, Chen and Foti, Nicholas and Ginsburg, Tom and Krakauer, David},
	year    = {2017},
	month   = {11},
	pages   = {483-494},
	title   = {The cultural evolution of national constitutions},
	volume  = {69},
	journal = {Journal of the Association for Information Science and Technology},
	doi     = {10.1002/asi.23971}
}

@article{ruhl2017,
	title={Harnessing legal complexity},
	author={Ruhl, JB and Katz, Daniel Martin and Bommarito, Michael J},
	journal={Science},
	volume={355},
	number={6332},
	pages={1377--1378},
	year={2017},
	publisher={American Association for the Advancement of Science},
} 

@article{sadl2017,
	author  = {Ur\v{s}ka \v{S}adl and Henrik Palmer Olsen},
	title   = {Can Quantitative Methods Complement Doctrinal Legal Studies? Using Citation Network and Corpus Linguistic Analysis to Understand International Courts},
	journal = {Leiden Journal of International Law},
	pages   = {327-349},
	year    = {2017},
	volume  = {30},
	publisher={Cambridge University Press},
	address={Cambridge}
}

@book{squartini2017,
  title={Maximum-Entropy Networks: Pattern Detection, Network Reconstruction and Graph Combinatorics},
  author={Squartini, Tiziano and Garlaschelli, Diego},
  year={2017},
  publisher={Springer}
}

@article{stadtfeld2017,
	title={Dynamic network actor models: Investigating coordination ties through time},
	author={Stadtfeld, Christoph and Hollway, James and Block, Per},
	journal={Sociological Methodology},
	volume={47},
	number={1},
	pages={1--40},
	year={2017},
	publisher={SAGE Publications}
}

@inproceedings{vankuppevelt2017,
	title={Answering Legal Research Questions About Dutch Case Law with Network Analysis and Visualization},
	author={van Kuppevelt, Dafne and van Dijck, Gijs},
	booktitle = {Legal Knowledge and Information Systems: Jurix 2017: the Thirtieth Annual Conference},
	year = 2017,
	publisher={IOS Press},
	editor={Wyner, Adam and Casini, Giovanni},
	pages = {95-100},
}

@article{alschner2016,
	author    = {Alschner, Wolfgang and Skougarevskiy, Dmitriy},
	title     = {Mapping the Universe of International Investment Agreements},
	journal   = {Journal of International Economic Law},
	pages     = {561-588},
	year      = {2016},
	volume    = {19},
	publisher ={Oxford University Press},
	address={Oxford}
}

@book{barabasi2016,
  title={Network science},
  author={Barab{\'a}si, Albert-L{\'a}szl{\'o}},
  year={2016},
  publisher={Cambridge University Press},
  address={Cambridge}
}

@article{boulet2016,
	author    = {Boulet, Romain and Barros-Platiau, Ana Flavia and Mazzega, Pierre},
	title     = {35 Years of Multilateral Environmental Agreements Ratifications: a Network Analysis},
	journal   = {Artificial Intelligence and Law},
	pages     = {133-148},
	year      = {2016},
	publisher ={Springer},
}

@incollection{christensen2016,
	author    = {Martin Lolle Christensen and Henrik Palmer Olsen and Fabien Tarissan},
	title     = {Identification of Case Content with Quantitative Network Analysis: An Example from the ECtHR},
	booktitle = {Legal Knowledge and Information Systems},
	editor    = {Bex and Villata},
	address = {Amsterdam},
	year      = 2016,
	pages     = {53-62},
	publisher = {IOS Press},
}

@article{tarissan2016,
	author  = {Fabien Tarissan and Rapha\"elle Nollez-Goldbach},
	title   = {Analysing the First Case of the International Criminal Court from a Network-Science Perspective},
	journal = {Journal of Complex Networks},
	pages   = {616-634},
	year    = {2016},
	volume  = {4},
	number  = {4},
	publisher={Oxford University Press}, 
	address={Oxford}
}

@inproceedings{tarissan2016a,
	author    = {Fabien Tarissan and Yannis Panagis and Ur\v{s}ka \v{S}adl},
	title     = {Selecting the Cases that Defined Europe: Complementary Metrics for a Network Analysis},
	pages     = {661-668},
	year      = {2016},
	booktitle = {IEEE/ACM ASONAM 2016},
	editor ={Venkatramanan S Subrahmanian and Jon Rokne},
	publisher={IEEE Press},
	address={New York City}
}

@incollection{agnoloni2015,
	author    = {Tommaso Agnoloni and Ugo Pagallo},
	title     = {The Power Laws of the Italian Constitutional Court, and Their Relevance for Legal Scholars},
	booktitle = {Legal Knowledge and Information Systems},
	editor    = {Rotolo},
	publisher = {IOS Press},
	location  = {Amsterdam},
	year      = {2015},
	pages     = {1-10},
}

@book{bernstein2015,
	title={Regulating business by independent commission},
	author={Bernstein, Marver H},
	year={2015},
	publisher={Princeton University Press},
	address={Princeton}
}

@Article{clough2015,
	author    = {Clough, James R. and Gollings, Jamie and Loach, Tamar V. and Evans, Tim S.},
	title     = {Transitive Reduction of Citation Networks},
	journal   = {Journal of Complex Networks},
	pages     = {189-203},
	year      = {2015},
	volume    = {3},
	number    = {2},
}

@article{derlen2015,
	author    = {Derl\'en, Mattias and Lindholm, Johan},
	title     = {Characteristics of Precedent: The Case Law of the European Court of Justice in Three Dimensions},
	journal   = {German Law Journal},
	pages     = {1073-1098},
	year      = {2015},
	volume    = {16},
	number    = {5},
	publisher = {German Law Journal e.V.},
}

@article{koutra2015,
  title={Summarizing and understanding large graphs},
  author={Koutra, Danai and Kang, U and Vreeken, Jilles and Faloutsos, Christos},
  journal={Statistical Analysis and Data Mining: The ASA Data Science Journal},
  volume={8},
  number={3},
  pages={183--202},
  year={2015},
  publisher={Wiley Online Library}
}

@article{li2015,
	author    = {Li, William and Azar, Pablo and Larochelle, David and Hill, Phil and Lo, Andrew W.},
	title     = {Law is Code: A Software Engineering Approach to Analyzing the {United States Code}},
	journal   = {Journal of Business and Technology Law},
	pages     = {297-374},
	year      = {2015},
	volume    = {10},
}

@incollection{panagis2015,
	author    = {Yannis Panagis and Ur\v{s}ka \v{S}adl},
	title     = {The Force of {EU} Case Law: A Multi-Dimensional Study of Case Citations},
	editor    = {Rotolo},
	booktitle = {Legal Knowledge and Information Systems},
	publisher = {IOS Press},
	address  = {Amsterdam},
	year      = 2015,
	pages     = {71-80},
}

@article{ruhl2015,
	title={Measuring, monitoring, and managing legal complexity},
	author={Ruhl, JB and Katz, Daniel Martin},
	journal={Iowa Law Review},
	volume={101},
	pages={191--244},
	year={2015},
	publisher={HeinOnline}
}

@article{sadl2015,
	author  = {Ur\v{s}ka \v{S}adl},
	title   = {The Role of \emph{Effet Utile} in Preserving the Continuity and Authority of European Union Law: Evidence from the Citation Web of the Pre-Accession Case Law of the Court of Justice of the EU},
	journal = {European Journal of Legal Studies},
	pages   = {18-45},
	year    = {2015},
	volume  = {8},
	number  = {1},
}
@article{friedlander2015,
  title={Evolution of bow-tie architectures in biology},
  author={Friedlander, Tamar and Mayo, Avraham E and Tlusty, Tsvi and Alon, Uri},
  journal={PLOS Computational Biology},
  volume={11},
  number={3},
  pages={e1004055:1--e1004055:19},
  year={2015},
  doi = {10.1371/journal.pcbi.1004055},
  publisher={Public Library of Science}
}
@article{derlen2014,
	author    = {Derl\'en, Mattias and Lindholm, Johan},
	title     = {Goodbye van Gend en Loos, Hello Bosman? Using Network Analysis to Measure the Importance of Individual CJEU Judgements},
	journal   = {European Law Journal},
	pages     = {667-687},
	year      = {2014},
	volume    = {20},
	number    = {5},
}

@article{gelter2014,
	author    = {Gelter, Martin and Siems, Mathias M.},
	title     = {Citations to Foreign Courts - Illegitimate and Superfluous, or Unavoidable - Evidence from Europe},
	journal   = {The American Journal of Comparative Law},
	pages     = {35-86},
	year      = {2014},
	volume    = {62},
	number    = {1},
	publisher ={Oxford University Press}, 
	address={Oxford}
}

@article{guclu2014,
	author    = {Guclu, Hasan and Bjerke, Elizabeth F. and Galvan, Jared and Sweeney, Patricia M. and Potter, Margaret A.},
	title     = {State-Level Legal Preparedness for Nuclear and Radiological Emergencies in the U.S.: A Network Analysis of State Laws and Regulations},
	journal   = {Public Health Reports},
	pages     = {154-165},
	year      = {2014},
	volume    = {129},
}


@article{katz2014,
	title={Measuring the complexity of the law: the {United States Code}},
	author={Katz, Daniel Martin and Bommarito, Michael J.},
	journal={Artificial Intelligence and Law},
	volume={22},
	number={4},
	pages={337--374},
	year={2014},
	publisher={Springer}
}

@article{knops2014,
	title={Holding complexity: analysing the CJEU's VAT case law as a network},
	author={Knops, Mick and Schaper, Marcel GH},
	journal={World Journal of VAT/GST Law},
	volume={3},
	number={3},
	pages={141--165},
	year={2014},
	publisher={Taylor \& Francis}
}

@Incollection{koniaris2014,
	author    = {Koniaris, Marios and Anagnostopoulos, Ioannis and Vassiliou, Yannis},
	title     = {Legislation as a Complex System: Modeling and Analysis over the European Union Law},
	booktitle = {Legal Knowledge and Information Systems: JURIX 2014: The Twenty-Seventh Annual Conference},
	year      = {2014},
	pages     = {143-152},
	volume    = {271},
	publisher={IOS Press}
}

@article{lim2014,
  title={Slashburn: Graph compression and mining beyond caveman communities},
  author={Lim, Yongsub and Kang, U and Faloutsos, Christos},
  journal={IEEE Transactions on Knowledge and Data Engineering},
  volume={26},
  number={12},
  pages={3077--3089},
  year={2014},
  publisher={IEEE}
}

@article{pelc2014,
	author  = {Krzysztof J. Pelc},
	title   = {The Politics of Precedent in International Law: A Social Network Application},
	journal = {American Political Science Review},
	pages   = {547-564},
	year    = {2014},
	volume  = {108},
	number  = {3},
	publisher ={Cambridge University Press},
	address={Cambridge}
}


@incollection{sweeney2014,
	author    = {Particia M. Sweeney and Elizabeth F. Bjerke and Margaret A. Potter and Hasan Guclu and Christopher R. Keane and Kevin D. Ashley and Matthias Grabmair and Rebecca Hwa},
	title     = {Network Analysis of Manually-Encoded State Laws and Prospects for Automation},
	booktitle = {Network Analysis in Law},
	editor    = {Winkels and Lettieri and Faro},
	publisher = {Edizioni Scietifiche Italiane},
	address  = {Napoli},
	year      = {2014},
	pages     = {53-77},
}

@incollection{whalen2014,
	author    = {Whalen, Ryan},
	title     = {Bad Law Before It Goes Bad: Citation Networks and the Life Cycle of Overruled Supreme Court Precedent},
	booktitle = {Network Analysis in Law},
	editor    = {Winkels and Lettieri and Faro},
	publisher = {Edizioni Scietifiche Italiane},
	address  = {Napoli},
	year      = {2014},
	pages     = {1-21},
}

@incollection{winkels2014,
	author    = {Winkels, Radboud and Boer, Alexander and Plantevin, Ivan},
	title     = {Creating Context Networks in Dutch Legislation},
	booktitle = {Legal Knowledge and Information Systems},
	editor    = {Ashley, Kevin D.},
	publisher = {IOS Press},
	address  = {Amsterdam},
	year      = {2014},
	pages     = {155-164},
}

@article{black2013,
	title={The citation and depreciation of US Supreme Court precedent},
	author={Black, Ryan C and Spriggs, James F},
	journal={Journal of Empirical Legal Studies},
	volume={10},
	number={2},
	pages={325--358},
	year={2013},
	publisher={Wiley-Blackwell}
}

@article{derlen2013,
	author    = {Derl\'en, Mattias and Lindholm, Johan and Rosvall, Martin and Mirshahvalad, Atieh},
	title     = {Coherence Out of Chaos: Mapping European Union Law by Running Randomly Through the Maze of CJEU Case Law},
	journal   = {Europarättslig Tidskrift},
	pages     = {517-535},
	year      = {2013},
}

@article{kim2013,
	author    = {Kim, Rakhyun E.},
	title     = {The Emergent Network Structure of the Multilateral Environmental Agreement System},
	journal   = {Global Environmental Change},
	pages     = {980-991},
	year      = {2013},
	volume    = {23},
	number    = {5},
	publisher ={Elsevier},
}

@article{kinne2013,
	title={Network dynamics and the evolution of international cooperation},
	author={Kinne, Brandon J},
	journal={American Political Science Review},
	pages={766--785},
	volume={107},
	year={2013},
	publisher ={Cambridge University Press},
	address={Cambridge}
}

@article{lupu2013,
	author    = {Lupu, Yonatan and Fowler, James H.},
	title     = {Strategic Citations to Precedent in the {U.S. Supreme Court}},
	journal   = {The Journal of Legal Studies},
	pages     = {151-186},
	year      = {2013},
	volume    = {42},
	number    = {1},
}

@article{neale2013,
	author    = {Neale, Thom},
	title     = {Citation Analysis of Canadian Case Law},
	journal   = {Journal of Open Access to Law},
	pages     = {1-60},
	year      = {2013},
	volume    = {1},
	publisher ={Cornell Law School}, 
}

@book{schaper2013,
	author    = {Schaper, Marcel},
	title     = {The Structure and Organization of EU Law in the Field of Direct Taxes},
	year      = {2013},
	publisher = {IBFD},
	address  = {Amsterdam},
}

@incollection{tarissan2013,
	author    = {Tarissan, Fabien and Nollez-Goldbach, Rapha\"{e}lle},
	title     = {The Network of the International Criminal Court Decisions as a Complex System},
	booktitle = {Emergence, Complexity and Computation},
	editor    = {Sanayei and Zelinka and Rossler},
	publisher = {Springer},
	address  = {Berlin and Heidelberg},
	year      = {2013},
	pages     = {255-264},
}

@incollection{whalen2013,
	author    = {Whalen, Ryan},
	title     = {Modeling Annual Supreme Court Influence: The Role of Citation Practices and Judicial Tenure in Determining Precedent Network Growth},
	booktitle = {Complex Networks},
	editor    = {Menezes and Evsukoff and Gonz\'alez},
	publisher = {Springer},
	address = {Berlin and Heidelberg},
	year      = {2013},
	pages     = {169-176},
}

@article{clark2012,
	author    = {Clark, Tom S. and Lauderdale, Benjamin E. and Katz, Jonathan N.},
	title     = {The Genealogy of Law},
	journal   = {Political Analysis},
	pages     = {329-350},
	year      = {2012},
	volume    = {20},
	number    = {3},
	publisher={Cambridge University Press},
	address={Cambridge}
}

@article{lancichinetti2012,
    author = {Lancichinetti, Andrea and Fortunato, Santo},
    journal = {Scientific Reports},
    title = {Consensus clustering in complex networks},
    volume = {2},
    year = {2012},
    pages = {336:1--336:7},
	doi = {10.1038/srep00336}
}

@article{lupu2012,
	author    = {Lupu, Yonatan and Voeten, Erik},
	title     = {Precedent in International Courts: A Network Analysis of Case Citations by the {European Court of Human Rights}},
	journal   = {British Journal of Political Science},
	pages     = {413-439},
	year      = {2012},
	volume    = {42},
	number    = {2},
}

@book{margetts2012,
	title={Paradoxes of modernization: unintended consequences of public policy reform},
	author={Margetts, Helen and Hood, Christopher and others},
	year={2012},
	publisher={Oxford University Press},
	address={Oxford}
}

@incollection{winkels2012,
	author    = {Winkels, Radboud and de~Ruyter, Jelle},
	title     = {Survival of the Fittest: Network Analysis of Dutch Supreme Court Cases},
	booktitle = {AI Approaches to the Complexity of Legal Systems},
	editor    = {Palmirani and Pagallo and Casanovas and Sartor},
	publisher = {Springer},
	location  = {Berlin and Heidelberg},
	year      = {2012},
	pages     = {106-115},
}

@article{bommarito2011,
	author    = {Bommarito, Michael J and Katz, Daniel Martin and Isaacs-See, Jillian},
	title     = {An Empirical Survey of the Population of U.S. Tax Court Written Decisions},
	journal   = {Virginia Tax Review},
	pages     = {523-557},
	year      = {2011},
	volume    = {30},
}

@Article{boulet2011,
	author    = {Boulet, Romain and Mazzega, Pierre and Bourcier, Dani\`ele},
	title     = {A Network Approach to the {French} System of Legal Codes -- Part I: Analysis of a Dense Network},
	journal   = {Artificial Intelligence and Law},
	pages     = {333-355},
	year      = {2011},
	volume    = {19},
	publisher={Springer}
}

@article{debie2011,
  title={Maximum entropy models and subjective interestingness: an application to tiles in binary databases},
  author={De~Bie, Tijl},
  journal={Data Mining and Knowledge Discovery},
  volume={23},
  number={3},
  pages={407--446},
  year={2011},
  publisher={Springer}
}

@article{katz2011,
	title={Reproduction of Hierarchy-A Social Network Analysis of the American Law Professoriate},
	author={Katz, Daniel Martin and Gubler, Joshua R and Zelner, Jon and Bommarito, Michael J},
	journal={Journal of Legal Education},
	volume={61},
	pages={76--103},
	year={2011},
	publisher={HeinOnline}
}
@Article{newton2011,
  author    = {Newton, Brent E.},
  title     = {Law Review Scholarship in the Eyes of the Twenty-First-Century {Supreme Court} Justices: An Empirical Analysis},
  journal   = {Drexel Law Review},
  pages     = {399-416},
  year      = {2011},
  volume    = {4},
  owner     = {C},
  timestamp = {2016.08.15},
}
@Article{schwartz2011,
  author    = {Schwartz, David L. and Petherbridge, Lee},
  title     = {The Use of Legal Scholarship by the Federal Courts of Appeals: An Empirical Study},
  journal   = {Cornell Law Review},
  pages     = {1345-1372},
  year      = {2011},
  volume    = {96},
  owner     = {C},
  timestamp = {2016.05.22},
}
@incollection{winkels2011,
	author    = {Radboud Winkels and Jelle de~Ruyter and Henryk Kroese},
	title     = {Determining Authority of Dutch Case Law},
	booktitle = {Legal Knowledge and Information Systems: JURIX 2011: The Twenty-Fourth Annual Conference},
	editor    = {Atkinson, Katie M.},
	year ={2011},
	publisher = {IOS Press},
	location  = {Amsterdam},
	pages ={103-112},
}


@article{bommarito2010,
	title={A mathematical approach to the study of the {United States Code}},
	author={Bommarito II, Michael J and Katz, Daniel M},
	journal={Physica A: Statistical Mechanics and its Applications},
	volume={389},
	number={19},
	pages={4195--4200},
	year={2010},
	publisher={Elsevier}
}

@incollection{boulet2010,
	author    = {Boulet, Romain and Mazzega, Pierre and Bourcier, Dani\`ele},
	title     = {Network Analysis of the {French} Environmental Code},
	booktitle = {AI Approaches to the Complexity of Legal Systems},
	editor    = {Casanovas and Pagallo and Sartor and Ajani},
	publisher = {Springer},
	address  = {Berlin and Heidelberg},
	year      = {2010},
	pages     = {39-53},
}

@article{cho2010,
	author    = {Tam~Cho, Wendy K. and Fowler, James H.},
	title     = {Legislative Success in a Small World: Network Analysis and the Dynamics of Congressional Legislation},
	journal   = {The Journal of Politics},
	pages     = {124-135},
	year      = {2010},
	volume    = {72},
	number    = {1},
	publisher ={University of Chicago Press},
}

@article{cross2010,
	author    = {Cross, Frank B. and Spriggs, James F. and Johnson, Timothy R. and Wahlbeck, Paul J.},
	title     = {Citations in the {U.S. Supreme Court}: An Empirical Study of their Use and Significance},
	journal   = {University of Illinois Law Review},
	pages     = {489-575},
	year      = {2010},
	number    = {2},
}

@book{easley2010,
  title={Networks, crowds, and markets},
  author={Easley, David and Kleinberg, Jon and others},
  year={2010},
  publisher={Cambridge University Press},
  address={Cambridge}
}

@article{katz2010,
	title={Hustle and flow: a social network analysis of the American federal judiciary},
	author={Katz, Daniel M and Stafford, Derek K},
	journal={Ohio St. LJ},
	volume={71},
	pages={457},
	year={2010},
	publisher={Ohio State University, Moritz College of Law}
}

@article{saban2010,
	author    = {Saban, Daniela and Bonomo, Flabia and Stier-Moses, Nicol\'{a}s E.},
	title     = {Analysis and Models of Bilateral Investment Treaties Using a Social Networks Approach},
	journal   = {Physica A},
	pages     = {3661-3673},
	year      = {2010},
	volume    = {389},
	publisher ={Elsevier},
}

@article{siems2010,
	author    = {Siems, Mathias M.},
	title     = {Citation Patterns of the German Federal Supreme Court and of the Court of Appeal of England and Wales},
	journal   = {King's Law Journal},
	pages     = {152-171},
	year      = {2010},
	volume    = {21},
	number    = {1},
	publisher ={Taylor \& Francis},
}

@book{miller2009,
	title={Complex adaptive systems: An introduction to computational models of social life},
	author={Miller, John H and Page, Scott E},
	year={2009},
	publisher={Princeton University Press},
	address={Princeton}
}

@book{mitchell2009,
	title={Complexity: A guided tour},
	author={Mitchell, Melanie},
	year={2009},
	publisher={Oxford University Press},
	address={Oxford}
}
@article{rosvall2009,
	author  = {M. Rosvall and D. Axelsson and C. T. Bergstrom},
	title   = {The Map Equation},
	journal = {The European Physical Journal Special Topics},
	pages   = {13--23},
	year    = {2009},
	volume  = {178},
}

@book{braithwaite2008,
	title={Regulatory capitalism: How it works, ideas for making it work better},
	author={Braithwaite, John},
	year={2008},
	publisher={Edward Elgar Publishing},
	address={Cheltenham}
}

@article{rosvall2008,
	author  = {Martin Rosvall and Carl T. Bergstrom},
	title   = {Maps of Random Walks on Complex Networks Reveal Community Structure},
	journal = {PNAS},
	pages   = {1118--1123},
	year    = {2008},
	volume  = {105},
	number  = {4},
}

@book{schutze2008,
	title={Introduction to information retrieval},
	author={Sch{\"u}tze, Hinrich and Manning, Christopher D and Raghavan, Prabhakar},
	year={2008},
	publisher={Cambridge University Press},
	address={Cambridge}
}

@article{fowler2007,
	title={Network analysis and the law: Measuring the legal importance of precedents at the {US Supreme Court}},
	author={Fowler, James H and Johnson, Timothy R and Spriggs, James F and Jeon, Sangick and Wahlbeck, Paul J},
	journal={Political Analysis},
	pages={324--346},
	year={2007},
	publisher={JSTOR}
}
@article{ruhl2007,
	title={Law's complexity: a primer},
	author={Ruhl, John B},
	journal={Ga. St. UL Rev.},
	volume={24},
	pages={885},
	year={2007},
	publisher={HeinOnline}
}

@article{dal2006,
	title={Regulatory capture: A review},
	author={Dal B{\'o}, Ernesto},
	journal={Oxford Review of Economic Policy},
	volume={22},
	number={2},
	pages={203--225},
	year={2006},
	publisher={Oxford University Press},
	address={Oxford}
}

@article{george2006,
	title={An empirical study of empirical legal scholarship: the top law schools},
	author={George, Tracey E},
	journal={Indiana Law Journal},
	volume={81},
	pages={141--161},
	year={2006},
	publisher={Indiana University Maurer School of Law }
}

@article{levi2005,
	title={The global diffusion of regulatory capitalism},
	author={Levi-Faur, David},
	journal={The annals of the American academy of political and social science},
	volume={598},
	number={1},
	pages={12--32},
	year={2005},
	publisher={Sage Publications Sage CA: Thousand Oaks, CA}
}

@article{amaral2004,
	title={Complex networks},
	author={Amaral, Luis AN and Ottino, Julio M},
	journal={The European Physical Journal B},
	volume={38},
	number={2},
	pages={147--162},
	year={2004},
	publisher={Springer}
}
@article{csete2004,
  title={Bow ties, metabolism and disease},
  author={Csete, Marie and Doyle, John},
  journal={TRENDS in Biotechnology},
  volume={22},
  number={9},
  pages={446--450},
  year={2004},
  publisher={Elsevier}
}
@article{huber2004,
	title={Bureaucratic capacity, delegation, and political reform},
	author={Huber, John D and McCarty, Nolan},
	journal={American Political Science Review},
	pages={481--494},
	year={2004},
	publisher={Cambridge University Press},
	address={Cambridge}
}
@book{freeman2004,
  title={The development of social network analysis},
  author={Freeman, Linton},
  year={2004},
  publisher={Empirical Press}
}
@article{ma2003,
  title={The connectivity structure, giant strong component and centrality of metabolic networks},
  author={Ma, Hong-Wu and Zeng, An-Ping},
  journal={Bioinformatics},
  volume={19},
  number={11},
  pages={1423--1430},
  year={2003},
  publisher={Oxford University Press},
  address={Oxford}
}
@article{albert2002,
	title={Statistical mechanics of complex networks},
	author={Albert, R{\'e}ka and Barab{\'a}si, Albert-L{\'a}szl{\'o}},
	journal={Reviews of modern physics},
	volume={74},
	number={1},
	pages={47-97},
	year={2002},
	publisher={APS}
}

@book{huber2002,
	title={Deliberate discretion?: The institutional foundations of bureaucratic autonomy},
	author={Huber, John D and Shipan, Charles R},
	year={2002},
	publisher={Cambridge University Press},
	address={Cambridge}
}

@article{moran2002,
	title={Understanding the regulatory state},
	author={Moran, Michael},
	journal={British journal of political science},
	volume={32},
	number={2},
	pages={391--413},
	year={2002},
	publisher={Cambridge University Press},
	address={Cambridge}
}
@article{posner2002,
	title={Interring the nondelegation doctrine},
	author={Posner, Eric A and Vermeule, Adrian},
	journal={The University of Chicago Law Review},
	pages={1721--1762},
	year={2002},
	publisher={University of Chicago Law School}
}
@article{strehl2002,
	title={Cluster ensembles---a knowledge reuse framework for combining multiple partitions},
	author={Strehl, Alexander and Ghosh, Joydeep},
	journal={Journal of machine learning research},
	volume={3},
	number={Dec},
	pages={583--617},
	year={2002}
}
@article{broder2000,
  title={Graph structure in the web},
  author={Broder, Andrei and Kumar, Ravi and Maghoul, Farzin and Raghavan, Prabhakar and Rajagopalan, Sridhar and Stata, Raymie and Tomkins, Andrew and Wiener, Janet},
  journal={Computer Networks},
  volume={33},
  number={1-6},
  pages={309--320},
  year={2000},
  publisher={Elsevier}
}
@article{ellickson2000,
  author    = {Ellickson, Robert C.},
  title     = {Trends in Legal Scholarship: A Statistical Study},
  journal   = {The Journal of Legal Studies},
  pages     = {517-543},
  year      = {2000},
  volume    = {29},
  number    = {S1},
}

@article{watts1998,
	title={Collective dynamics of ‘small-world’ networks},
	author={Watts, Duncan J and Strogatz, Steven H},
	journal={Nature},
	volume={393},
	number={6684},
	pages={440--442},
	year={1998},
	publisher={Nature Publishing Group}
}

@article{carpenter1996,
	title={Adaptive signal processing, hierarchy, and budgetary control in federal regulation},
	author={Carpenter, Daniel P},
	journal={American Political Science Review},
	volume={90},
	number={2},
	pages={283--302},
	year={1996},
	publisher={Cambridge University Press},
	address={Cambridge}
}

@article{ruhl1996,
	title={Fitness of Law: Using Complexity Theory to Describe the Evolution of Law and Society and Its Practical Meaning for Democracy, The},
	author={Ruhl, John B},
	journal={Vand. L. Rev.},
	volume={49},
	pages={1406},
	year={1996},
	publisher={HeinOnline}
}
@article{ruhl1995,
	title={Complexity theory as a paradigm for the dynamical law-and-society system: A wake-up call for legal reductionism and the modern administrative state},
	author={Ruhl, John B},
	journal={Duke LJ},
	volume={45},
	pages={849--928},
	year={1995},
	publisher={HeinOnline}
}
@book{wasserman1994,
  title={Social network analysis: Methods and applications},
  author={Wasserman, Stanley and Faust, Katherine},
  year={1994},
  publisher={Cambridge University Press},
  address={Cambridge}
}
@Article{geu1994,
  author    = {Geu, Thomas Earl},
  title     = {The Tao of Jurisprudence: Chaos, Brain Science, Synchronicity, and the Law},
  journal   = {Tennessee Law Review},
  pages     = {933-990},
  year      = {1994},
  volume    = {61},
}
@article{scott1993,
  author    = {Scott, Robert E.},
  title     = {Chaos Theory and the Justice Paradox},
  journal   = {William \& Mary Law Review},
  pages     = {329-351},
  year      = {1993},
  volume    = {35},
}
@article{laffont1991,
	title={The politics of government decision-making: A theory of regulatory capture},
	author={Laffont, Jean-Jacques and Tirole, Jean},
	journal={The quarterly journal of economics},
	volume={106},
	number={4},
	pages={1089--1127},
	year={1991},
	publisher={MIT Press}
}
@incollection{winkler1990,
    author = {Winkler, William E.},
    booktitle = {Proceedings of the Section on Survey Research, American Statistical Association},
    pages = {354--359},
    title = {String Comparator Metrics and Enhanced Decision Rules in the Fellegi-Sunter Model of Record Linkage},
    year = {1990}
}
@article{mccubbins1985,
	title={The legislative design of regulatory structure},
	author={McCubbins, Mathew D},
	journal={American Journal of Political Science},
	pages={721--748},
	year={1985},
	publisher={Wiley-Blackwell}
}
@article{hubert1985,
	title={Comparing partitions},
	author={Hubert, Lawrence and Arabie, Phipps},
	journal={Journal of classification},
	volume={2},
	number={1},
	pages={193--218},
	year={1985},
	publisher={Springer}
}
@article{price1976,
  title={A general theory of bibliometric and other cumulative advantage processes},
  author={Price, Derek de Solla},
  journal={Journal of the American Society for Information Science},
  volume={27},
  number={5},
  pages={292--306},
  year={1976},
  publisher={Wiley Online Library}
}
@article{merton1968,
  title={The Matthew effect in science: The reward and communication systems of science are considered},
  author={Merton, Robert K},
  journal={Science},
  volume={159},
  number={3810},
  pages={56--63},
  year={1968},
  publisher={American Association for the Advancement of Science}
}
@article{pound1910,
  title={Law in books and law in action},
  author={Pound, Roscoe},
  journal={American Law Review},
  volume={44},
  pages={12--36},
  year={1910}
}

% reference boilerplate hints from here downwards

@Article{article,
	author = "Author1 LastName1 and Author2 LastName2 and Author3 LastName3",
	title = "Article Title",
	volume = "30",
	number = "30",
	pages = "10127-10134",
	year = "2013",
	doi = "10.3389/fnins.2013.12345",
	URL = "http://www.frontiersin.org/Journal/10.3389/fnins.2013.12345/abstract",
	journal = "Frontiers in Neuroscience"
}

@book{book,
  author    = {Author Name}, 
  title     = {The title of the work},
  publisher = {The name of the publisher},
  address   = {The city},
  year      = 1993,
}

@incollection{chapter,
  author       = {Bauthor Surname}, 
  title        = {The title of the work},
  editor       = {Editor Name},
  booktitle    = {The title of the book},
  publisher    = {The name of the publisher},
  address      = {The city},
  year         = 2002,
  pages        = {201-213},
}

@InProceedings{conference,
  author = {Cauthor Name and Dauthor Surname and Fauthor LastName},
  title = {The title of the work},
  booktitle = {The title of the conference proceedings},
  year = 1996,
  publisher = {The name of the publisher},
  editor = {Editor Name1 and Editor Name2},
  pages = {41-50},
}

@book{cho,
  author       = {Gauthor Name1}, 
  title        = {The title of the work},
  publisher = {Country code and patent number},
  address      = {Patent Country},
  year = 2013
}

@book{patent,
  author    = {Hauthor Surname1}, 
  title     = {The title of the work},
  publisher = {Patent number},
  address   = {Patent country},
  year      = 2010,
}

% please use misc for datasets
@misc{dataset, 
	author = "Author1 LastName1 and Author2 LastName2 and Author3 LastName3",
	title = "Data Title",
	year = "2011",
	doi = "10.000/55555",
	URL = "http://www.frontiersin.org/",
}